<record><leader>00000cas a22000007a 4500</leader><controlfield tag="001">26835648</controlfield><controlfield tag="008">921022d19271927ctuwr ne      0    0eng d</controlfield><datafield ind1=" " ind2=" " tag="010"><subfield code="a">sn 92051448 </subfield></datafield><datafield ind1=" " ind2=" " tag="040"><subfield code="a">CNW</subfield><subfield code="b">eng</subfield><subfield code="c">CNW</subfield><subfield code="d">OCLCQ</subfield></datafield><datafield ind1=" " ind2=" " tag="042"><subfield code="a">msc</subfield></datafield><datafield ind1="0" ind2="0" tag="245"><subfield code="a">Norwich bulletin, Norwich courier, Cooley's weekly.</subfield></datafield><datafield ind1="1" ind2="3" tag="246"><subfield code="a">Norwich bulletin and courier</subfield></datafield><datafield ind1=" " ind2=" " tag="260"><subfield code="a">Norwich, Conn. :</subfield><subfield code="b">[Bulletin Co.]</subfield></datafield><datafield ind1=" " ind2=" " tag="300"><subfield code="a">v.</subfield></datafield><datafield ind1=" " ind2=" " tag="310"><subfield code="a">[Weekly]</subfield></datafield><datafield ind1="0" ind2=" " tag="362"><subfield code="a">Vol. 69, no. 264 (Nov. 5, 1927).</subfield></datafield><datafield ind1=" " ind2=" " tag="580"><subfield code="a">Daily eds.: Norwich bulletin (Norwich, Conn.), and: Norwich evening record.</subfield></datafield><datafield ind1=" " ind2="4" tag="651"><subfield code="a">Norwich (Conn.)</subfield><subfield code="v">Newspapers.</subfield></datafield><datafield ind1=" " ind2="4" tag="651"><subfield code="a">New London County (Conn.)</subfield><subfield code="v">Newspapers.</subfield></datafield><datafield ind1=" " ind2="4" tag="651"><subfield code="a">Windham County (Conn.)</subfield><subfield code="v">Newspapers.</subfield></datafield><datafield ind1=" " ind2=" " tag="752"><subfield code="a">United States</subfield><subfield code="b">Connecticut</subfield><subfield code="c">New London</subfield><subfield code="d">Norwich.</subfield></datafield><datafield ind1="1" ind2=" " tag="775"><subfield code="t">Norwich bulletin (Norwich, Conn.)</subfield><subfield code="w">(DLC)sn 82014086</subfield><subfield code="w">(OCoLC)8766538</subfield></datafield><datafield ind1="1" ind2=" " tag="775"><subfield code="t">Norwich evening record</subfield><subfield code="w">(DLC)sn 92051443</subfield></datafield><datafield ind1="0" ind2="4" tag="780"><subfield code="t">Norwich courier (Norwich, Conn. : 1901)</subfield><subfield code="w">(DLC)sn 92051444</subfield></datafield><datafield ind1="0" ind2="4" tag="780"><subfield code="t">Cooley's weekly</subfield><subfield code="w">(DLC)sn 84022589</subfield><subfield code="w">(OCoLC)10494238</subfield></datafield><datafield ind1="0" ind2="0" tag="785"><subfield code="t">Norwich courier-Cooley's weekly</subfield><subfield code="w">(DLC)sn 92051435</subfield></datafield><datafield ind1="1" ind2=" " tag="029"><subfield code="a">AU@</subfield><subfield code="b">000020741252</subfield></datafield></record>